ISA*00*          *00*          *ZZ*PAYER          *ZZ*PROVIDER       *260101*1200*^*00501*000000002*0*T*:~
GS*HP*PAYER*PROVIDER*20260101*1200*2*X*005010X221A1~
ST*835*0002~
BPR*I*1500*C*CHK************20260101~
TRN*1*TRACE12345*1512345678~
CLP*CLAIM123*1*2000*1500*500*12*1234567890*11*1~
CAS*CO*45*500~
SE*7*0002~
GE*1*2~
IEA*1*000000002~
